@incollection{Beauchamp2015,
  doi = {10.1007/978-3-319-05544-2_348-1},
  url = {https://doi.org/10.1007/978-3-319-05544-2_348-1},
  year = {2015},
  publisher = {Springer International Publishing},
  pages = {1--12},
  author = {Tom L. Beauchamp and Oliver Rauprich},
  title = {Principlism},
  booktitle = {Encyclopedia of Global Bioethics}
}