@incollection{Beauchamp2015,
  doi = {10.1007/978-3-319-05544-2_348-1},
  url = {https://doi.org/10.1007/978-3-319-05544-2_348-1},
  year = {2015},
  publisher = {Springer International Publishing},
  pages = {1--12},
  author = {Tom L. Beauchamp and Oliver Rauprich},
  title = {Principlism},
  booktitle = {Encyclopedia of Global Bioethics}
}

@article{blei2009visualizing,
  title={Visualizing topics with multi-word expressions},
  author={Blei, David M and Lafferty, John D},
  journal={arXiv preprint arXiv:0907.1013},
  year={2009}
}